001  0000276
005  20180926152201.477
008  180926s||||     bl|||||||||||||||||por|u
020    $a8501005304
040    $aPorto Alegre$bpor
080    $21997$a860.0(81)-31
090    $a860.0(81)-31$bA489c
100 1  $aAmado, Jorge$d1912-2001 
245 10 $aCapitães da área$cJorge Amado
250    $a76. ed.
260    $aRio de janeiro$bRecord$c1993
300    $a231 p.
650    $aLiteratura brasileira
